<?xml version="1.0" encoding="UTF-8"?><record xmlns="http://www.loc.gov/MARC21/slim" xmlns:cinclude="http://apache.org/cocoon/include/1.0" xmlns:zs="http://www.loc.gov/zing/srw/">
  <leader>00461nz  a2200133n  4500</leader>
  <controlfield tag="001">nr 98021520 </controlfield>
  <controlfield tag="003">DLC</controlfield>
  <controlfield tag="005">19980611051951.4</controlfield>
  <controlfield tag="008">980609n| acannaab|          |n aac     c</controlfield>
  <datafield tag="010" ind1=" " ind2=" ">
    <subfield code="a">nr 98021520 </subfield>
  </datafield>
  <datafield tag="040" ind1=" " ind2=" ">
    <subfield code="a">NjP</subfield>
    <subfield code="c">NjP</subfield>
  </datafield>
  <datafield tag="100" ind1="1" ind2="0">
    <subfield code="a">Narliyan, İstepan Hüsrev</subfield>
  </datafield>
  <datafield tag="670" ind1=" " ind2=" ">
    <subfield code="a">İstepan Hüsrev Narliyan Efendi ile Anglo-Levantin Bankası meyanesinde mütehaddis davaya mütedair layiha-yı temyiziyedir, 1923.</subfield>
  </datafield>
  <datafield tag="675" ind1=" " ind2=" ">
    <subfield code="a">Büyük lûgat ve ansik.;</subfield>
    <subfield code="a">Türk ansik.</subfield>
  </datafield>
</record>